@article{1,
  title={Implementing Fault-Tolerant Services Using the State Machine
Approach: A Tutorial},
  author={Schneider, Fred B},
  journal={ACM Computing Surveys},
  volume={22},
  number={4},
  pages={299--319},
  year={1990}
}

@article{2,
  title={Practical Byzantine Fault Tolerance},
  author={Miguel Castro and Barbara Liskov},
  journal={Proceedings of the Third Symposium on Operating Systems Design and Implementation},
  year={1999}
}

@article{3,
  title={The Byzantine Generals Problem},
  author={Leslie Lamport, Robert Shostak, and Marshall Pease},
  journal={ACM Transactions on Programming Languages and Systems},
  volume={4},
  number={3},
  pages={382--401},
  year={1982}
}

@article{4,
  title={The Part-Time Parliament},
  author={Leslie Lamport},
  journal={ACM Transactions on Computer Systems},
  pages={133--169},
  year={1998}
}

@article{5,
  title={Mechanising Blockchain Consensus},
  author={George Pirlea and Ilya Sergey},
  journal={Proceedings of 7th ACM SIGPLAN International Conference
on Certified Programs and Proofs (CPPâ€™18)},
  year={2018}
}
